<?xml version="1.0" encoding="UTF-8"?><collection xmlns="http://www.loc.gov/MARC21/slim"><record><leader>00419nam--2200181-i-4500</leader><controlfield tag="001">000020548</controlfield><controlfield tag="002">20161230</controlfield><controlfield tag="005">20170121222837</controlfield><controlfield tag="008">060222s1000------------r-----000-0-eng-d</controlfield><datafield ind1=" " ind2=" " tag="020"><subfield code="a">3-540-56</subfield></datafield><datafield ind1=" " ind2=" " tag="080"><subfield code="a">538.91061.3</subfield></datafield><datafield ind1=" " ind2=" " tag="245"><subfield code="a">Ultrafast phenomena VIII</subfield></datafield><datafield ind1=" " ind2=" " tag="260"><subfield code="a">Berlin</subfield><subfield code="b">Springer-Verlag</subfield><subfield code="c">1993</subfield></datafield><datafield ind1=" " ind2=" " tag="300"><subfield code="a">675 p</subfield></datafield><datafield ind1=" " ind2=" " tag="490"><subfield code="a">55</subfield></datafield><datafield ind1=" " ind2=" " tag="700"><subfield code="a">Zewail, A. H</subfield></datafield><datafield ind1=" " ind2=" " tag="852"><subfield code="a">46905</subfield></datafield><datafield ind1=" " ind2=" " tag="CAT"><subfield code="a">SYS</subfield><subfield code="c">20170121</subfield><subfield code="h">222837</subfield></datafield></record></collection>